%% This BibTeX bibliography file was created using BibDesk.
%% http://bibdesk.sourceforge.net/

%% Created for Zarah Wei√ü at 2016-08-07 22:36:58 +0200 


%% Saved with string encoding Unicode (UTF-8) 

@InProceedings{polyglot2013,
  author    = {Al-Rfou, Rami  and  Perozzi, Bryan  and  Skiena, Steven},
  title     = {Polyglot: Distributed Word Representations for Multilingual NLP},
  booktitle = {Proceedings of the Seventeenth Conference on Computational Natural Language Learning},
  month     = {August},
  year      = {2013},
  address   = {Sofia, Bulgaria},
  publisher = {Association for Computational Linguistics},
  pages     = {183--192}, 
  url       = {http://www.aclweb.org/anthology/W13-3520}
}

@inproceedings{abu2012,
	Author = {Abu-Jbara, Amjad and Diab, Mona and Dasigi, Pradeep and Radev, Dragomir},
	Booktitle = {Proceedings of the 50th Annual Meeting of the Association for Computational Linguistics: Long Papers-Volume 1},
	Date-Added = {2016-08-07 20:36:44 +0000},
	Date-Modified = {2016-08-07 20:36:57 +0000},
	Organization = {Association for Computational Linguistics},
	Pages = {399--409},
	Title = {Subgroup detection in ideological discussions},
	Year = {2012}}

@inproceedings{gottipati2013,
	Author = {Gottipati, Swapna and Qiu, Minghui and Yang, Liu and Zhu, Feida and Jiang, Jing},
	Booktitle = {International Conference on Social Informatics},
	Date-Added = {2016-08-07 20:29:42 +0000},
	Date-Modified = {2016-08-07 20:29:55 +0000},
	Organization = {Springer},
	Pages = {177--191},
	Title = {Predicting user's political party using ideological stances},
	Year = {2013}}

@inproceedings{koppel2009,
	Author = {Koppel, Moshe and Akiva, Navot and Alshech, Eli and Bar, Kfir},
	Booktitle = {ISI},
	Date-Added = {2016-08-06 21:18:08 +0000},
	Date-Modified = {2016-08-06 21:18:30 +0000},
	Pages = {176--178},
	Title = {Automatically Classifying Documents by Ideological and Organizational Affiliation.},
	Year = {2009}}

@article{dallhof2013,
	Author = {Dahll{\"o}f, Mats},
	Date-Added = {2016-08-06 20:58:54 +0000},
	Date-Modified = {2016-08-06 21:00:38 +0000},
	Journal = {Literary and linguistic computing},
	Pages = {fqs010},
	Publisher = {ALLC},
	Title = {Automatic prediction of gender, political affiliation, and age in Swedish politicians from the wording of their speeches---A comparative study of classifiability},
	Year = {2012}}

@inproceedings{sim2013,
	Author = {Sim, Yanchuan and Acree, Brice DL and Gross, Justin H and Smith, Noah A},
	Booktitle = {Proceedings of Conference on Empirical Methods in Natural Language Processing (EMNLP)},
	Date-Added = {2016-08-06 19:58:19 +0000},
	Date-Modified = {2016-08-06 20:05:38 +0000},
	Pages = {91--101},
	Title = {Measuring ideological proportions in political speeches},
	Year = {2013}}

@article{lowe2011,
	Author = {Lowe, Will and Benoit, Kenneth and Mikhaylov, Slava and Laver, Michael},
	Date-Added = {2016-08-06 19:46:35 +0000},
	Date-Modified = {2016-08-06 19:48:44 +0000},
	Journal = {Legislative studies quarterly},
	Number = {1},
	Pages = {123--155},
	Publisher = {Wiley Online Library},
	Title = {Scaling policy preferences from coded political texts},
	Volume = {36},
	Year = {2011}}
